@inproceedings{gqlph,
  title={Semantics and Complexity of GraphQL},
  author={Hartig, Olaf and P{\'e}rez, Jorge},
  booktitle={Proceedings of the 2018 World Wide Web Conference},
  pages={1155--1164},
  year={2018},
  organization={International World Wide Web Conferences Steering Committee}
}

@inproceedings{olafschema,
  title={Defining Schemas for Property Graphs by using the GraphQL Schema Definition Language},
  author={Hartig, Olaf and Hidders, Jan},
  booktitle={Proceedings of the 2nd Joint International Workshop on Graph Data Management Experiences \& Systems (GRADES) and Network Data Analytics (NDA)},
  pages={6},
  year={2019},
  organization={ACM}
}
